<record><leader>00000cas a2200000 a 4500</leader><controlfield tag="001">11216122</controlfield><controlfield tag="008">841001d18711872ksuwr ne      0   a0eng d</controlfield><controlfield tag="009">3789</controlfield><datafield ind1=" " ind2=" " tag="010"><subfield code="a">sn 84029314 </subfield></datafield><datafield ind1=" " ind2=" " tag="040"><subfield code="a">KSH</subfield><subfield code="b">eng</subfield><subfield code="c">KSH</subfield><subfield code="d">NPT</subfield><subfield code="d">OCL</subfield></datafield><datafield ind1=" " ind2=" " tag="042"><subfield code="a">msc</subfield></datafield><datafield ind1="0" ind2=" " tag="130"><subfield code="a">Howard County ledger (Longton, Kan.)</subfield></datafield><datafield ind1="0" ind2="4" tag="245"><subfield code="a">The Howard County ledger.</subfield></datafield><datafield ind1=" " ind2=" " tag="260"><subfield code="a">Longton, Kan. :</subfield><subfield code="b">A. Reynolds,</subfield><subfield code="c">1871-1872.</subfield></datafield><datafield ind1=" " ind2=" " tag="300"><subfield code="a">1 v. ;</subfield><subfield code="c">55 cm.</subfield></datafield><datafield ind1=" " ind2=" " tag="310"><subfield code="a">Weekly</subfield></datafield><datafield ind1="0" ind2=" " tag="362"><subfield code="a">Vol. 1, no. 1 (Feb. 23, 1871)-v. 1, no. 52 (Apr. 25, 1872).</subfield></datafield><datafield ind1=" " ind2=" " tag="500"><subfield code="a">"Republican."</subfield></datafield><datafield ind1=" " ind2=" " tag="752"><subfield code="a">United States</subfield><subfield code="b">Kansas</subfield><subfield code="c">Elk</subfield><subfield code="d">Longton.</subfield></datafield><datafield ind1="0" ind2="0" tag="785"><subfield code="t">Longton weekly ledger</subfield><subfield code="w">(DLC)sn 86064526</subfield></datafield></record>